<?xml version="1.0" encoding="UTF-8"?>
<record xmlns="http://www.loc.gov/MARC21/slim">
   <leader>01475cam a2200325 a 4500</leader>
   <controlfield tag="001">889572</controlfield>
   <controlfield tag="003">NjP</controlfield>
   <controlfield tag="005">20171025093617.0</controlfield>
   <controlfield tag="008">940531m19889999ir       b    00010 ara d</controlfield>
   <datafield tag="024" ind1="7" ind2=" ">
      <subfield code="a">princeton_aco003393</subfield>
      <subfield code="2">local</subfield>
   </datafield>
   <datafield ind1=" " ind2=" " tag="020">
      <subfield code="a">9789647709774 (set)</subfield>
   </datafield>
   <datafield ind1=" " ind2=" " tag="035">
      <subfield code="a">(OCoLC)30586675</subfield>
   </datafield>
   <datafield ind1=" " ind2=" " tag="035">
      <subfield code="a">(CStRLIN)NJPG94-B31281</subfield>
   </datafield>
   <datafield ind1=" " ind2=" " tag="035">
      <subfield code="9">CBD9557TS</subfield>
   </datafield>
   <datafield ind1=" " ind2=" " tag="040">
      <subfield code="a">NjP</subfield>
      <subfield code="c">NjP</subfield>
   </datafield>
   <datafield ind1="1" ind2=" " tag="100">
      <subfield code="a">Fāz̤il Lankarānī, Muḥammad.</subfield>
   </datafield>
   <datafield ind1="1" ind2="0" tag="245">
      <subfield code="a">Tafṣīl al-sharīʻah fī sharḥ Taḥrīr al-wasīlah /</subfield>
      <subfield code="c">bi-qalam Muḥammad al-Muwaḥḥidī al-Lankarānī al-shahīr bi-al-Fāḍil.</subfield>
   </datafield>
   <datafield ind1=" " ind2=" " tag="250">
      <subfield code="a">al-Ṭabʻah 2.</subfield>
   </datafield>
   <datafield ind1=" " ind2=" " tag="260">
      <subfield code="a">Qum :</subfield>
      <subfield code="b">Muʾassasat al-Nashr al-Islāmī al-tābiʻah li-Jamāʻat al-Mudarrisīn bi-Qum,</subfield>
      <subfield code="c">1409- [1988 or 1989- ]</subfield>
   </datafield>
   <datafield ind1=" " ind2=" " tag="300">
      <subfield code="a">v. ;</subfield>
      <subfield code="c">25 cm.</subfield>
   </datafield>
   <datafield ind1=" " ind2=" " tag="500">
      <subfield code="a">Vol. 1 lacks volume numbering.</subfield>
   </datafield>
   <datafield ind1=" " ind2=" " tag="500">
      <subfield code="a">Vol. 2 published by: Maktab al-Iʻlām al-Islāmī.</subfield>
   </datafield>
   <datafield ind1=" " ind2=" " tag="500">
      <subfield code="a">"502."</subfield>
   </datafield>
   <datafield ind1=" " ind2=" " tag="500">
      <subfield code="a">Vols. 6-7 taḥqīq wa-nashr: Markaz Fiqh al-Aʾimmah al-Aṭhār.</subfield>
   </datafield>
   <datafield ind1=" " ind2=" " tag="504">
      <subfield code="a">Includes bibliographical references.</subfield>
   </datafield>
   <datafield ind1="1" ind2=" " tag="505">
      <subfield code="a">al-juzʾ 1. [without special title] -- al-juzʾ 2, 4-5. Kitāb al-Ḥajj -- al-juzʾ 6-7. Kitāb al-Ṣalāh.</subfield>
   </datafield>
   <datafield ind1="1" ind2="0" tag="600">
      <subfield code="a">Khomeini, Ruhollah.</subfield>
      <subfield code="t">Taḥrīr al-wasīlah.</subfield>
   </datafield>
   <datafield ind1=" " ind2="0" tag="650">
      <subfield code="a">Islamic law</subfield>
      <subfield code="x">Interpretation and construction.</subfield>
      <subfield code="0">http://id.loc.gov/authorities/subjects/sh85068455</subfield>
   </datafield>
   <datafield ind1="2" ind2=" " tag="710">
      <subfield code="a">Markaz Fiqh al-Aʾimmah al-Aṭhār (Qum, Iran)</subfield>
   </datafield>
   <datafield ind1=" " ind2=" " tag="998">
      <subfield code="a">05/31/94</subfield>
      <subfield code="s">9114</subfield>
      <subfield code="n">NjP</subfield>
      <subfield code="d">05/31/94</subfield>
      <subfield code="c">KC</subfield>
      <subfield code="b">CAT</subfield>
      <subfield code="i">940531</subfield>
      <subfield code="l">NJPG</subfield>
   </datafield>
   <datafield ind1=" " ind2=" " tag="911">
      <subfield code="a">19940612</subfield>
   </datafield>
   <datafield ind1=" " ind2=" " tag="912">
      <subfield code="a">19990519062230.0</subfield>
   </datafield>
   <datafield ind1="8" ind2="1" tag="852">
      <subfield code="0">1017167</subfield>
      <subfield code="b">rcppa</subfield>
      <subfield code="t">1</subfield>
      <subfield code="h">KBL</subfield>
      <subfield code="i">.F3252 1988</subfield>
      <subfield code="x">tr fr arab</subfield>
   </datafield>
   <datafield ind1=" " ind2="0" tag="866">
      <subfield code="0">1017167</subfield>
      <subfield code="8">0</subfield>
      <subfield code="a">juzʾ 1-2, 4-7 (published in 1429 [2008 or 2009]</subfield>
   </datafield>
   <datafield ind1=" " ind2="0" tag="866">
      <subfield code="0">1017167</subfield>
      <subfield code="8">0</subfield>
      <subfield code="x">DESIGNATOR: Juzʾ</subfield>
   </datafield>
   <datafield ind1=" " ind2=" " tag="959">
      <subfield code="a">2000-06-13 00:00:00 -0400</subfield>
   </datafield>
</record>
